<record><leader>00000cas a22000007a 4500</leader><controlfield tag="001">34617186</controlfield><controlfield tag="008">960423d197219uunyuwn ne      0    0eng d</controlfield><datafield ind1=" " ind2=" " tag="010"><subfield code="a">sn 96083592 </subfield></datafield><datafield ind1=" " ind2=" " tag="040"><subfield code="a">NYS</subfield><subfield code="b">eng</subfield><subfield code="c">NYS</subfield><subfield code="d">OHI</subfield><subfield code="d">NYS</subfield><subfield code="d">OCLCQ</subfield><subfield code="d">OCLCO</subfield><subfield code="d">OCLCF</subfield><subfield code="d">OCL</subfield></datafield><datafield ind1=" " ind2=" " tag="042"><subfield code="a">msc</subfield></datafield><datafield ind1=" " ind2=" " tag="043"><subfield code="a">n-us-ny</subfield></datafield><datafield ind1="0" ind2="4" tag="245"><subfield code="a">The Hampton exchange.</subfield></datafield><datafield ind1="1" ind2="3" tag="246"><subfield code="a">Dan's papers</subfield></datafield><datafield ind1=" " ind2=" " tag="260"><subfield code="a">Bridgehampton, N.Y. :</subfield><subfield code="b">Dan Rattiner</subfield></datafield><datafield ind1=" " ind2=" " tag="300"><subfield code="a">v.</subfield></datafield><datafield ind1=" " ind2=" " tag="310"><subfield code="a">Weekly, Oct.-Dec. (Monthly, Jan.-Apr.)</subfield></datafield><datafield ind1="1" ind2=" " tag="362"><subfield code="a">Began in 1972?</subfield></datafield><datafield ind1=" " ind2=" " tag="580"><subfield code="a">Winter ed. of the following newspapers: Montauk pioneer; East Hampton summer sun; Sag Harbor pilot; Southampton summer day; and Hampton Beach.</subfield></datafield><datafield ind1=" " ind2=" " tag="588"><subfield code="a">Description based on: Vol. 1, no. 24 (Dec. 9, 1972).</subfield></datafield><datafield ind1=" " ind2=" " tag="588"><subfield code="a">Latest issue consulted: Vol. 16, no. 51 (Mar. 25, 1985).</subfield></datafield><datafield ind1=" " ind2="0" tag="651"><subfield code="a">Montauk (N.Y.)</subfield><subfield code="v">Newspapers.</subfield></datafield><datafield ind1=" " ind2="0" tag="651"><subfield code="a">East Hampton (N.Y. : Town)</subfield><subfield code="v">Newspapers.</subfield></datafield><datafield ind1=" " ind2="0" tag="651"><subfield code="a">Southampton (N.Y. : Town)</subfield><subfield code="v">Newspapers.</subfield></datafield><datafield ind1=" " ind2="0" tag="651"><subfield code="a">Sag Harbor (N.Y.)</subfield><subfield code="v">Newpspapers.</subfield></datafield><datafield ind1=" " ind2="0" tag="651"><subfield code="a">Hampton Bays (N.Y.)</subfield><subfield code="v">Newpspapers.</subfield></datafield><datafield ind1=" " ind2="0" tag="651"><subfield code="a">Riverhead (N.Y.)</subfield><subfield code="v">Newspapers.</subfield></datafield><datafield ind1=" " ind2="0" tag="651"><subfield code="a">Suffolk County (N.Y.)</subfield><subfield code="v">Newspapers.</subfield></datafield><datafield ind1=" " ind2="4" tag="651"><subfield code="a">Bridgehampton</subfield><subfield code="v">Newspapers.</subfield></datafield><datafield ind1=" " ind2="7" tag="651"><subfield code="a">New York (State)</subfield><subfield code="z">East Hampton (Town)</subfield><subfield code="2">fast</subfield><subfield code="0">(OCoLC)fst01335066</subfield></datafield><datafield ind1=" " ind2="7" tag="651"><subfield code="a">New York (State)</subfield><subfield code="z">Hampton Bays.</subfield><subfield code="2">fast</subfield><subfield code="0">(OCoLC)fst01256045</subfield></datafield><datafield ind1=" " ind2="7" tag="651"><subfield code="a">New York (State)</subfield><subfield code="z">Montauk.</subfield><subfield code="2">fast</subfield><subfield code="0">(OCoLC)fst01225867</subfield></datafield><datafield ind1=" " ind2="7" tag="651"><subfield code="a">New York (State)</subfield><subfield code="z">Riverhead (Town)</subfield><subfield code="2">fast</subfield><subfield code="0">(OCoLC)fst01335006</subfield></datafield><datafield ind1=" " ind2="7" tag="651"><subfield code="a">New York (State)</subfield><subfield code="z">Sag Harbor.</subfield><subfield code="2">fast</subfield><subfield code="0">(OCoLC)fst01229282</subfield></datafield><datafield ind1=" " ind2="7" tag="651"><subfield code="a">New York (State)</subfield><subfield code="z">Southampton (Town)</subfield><subfield code="2">fast</subfield><subfield code="0">(OCoLC)fst01332141</subfield></datafield><datafield ind1=" " ind2="7" tag="651"><subfield code="a">New York (State)</subfield><subfield code="z">Suffolk County.</subfield><subfield code="2">fast</subfield><subfield code="0">(OCoLC)fst01207260</subfield></datafield><datafield ind1=" " ind2="7" tag="655"><subfield code="a">Newspapers.</subfield><subfield code="2">fast</subfield><subfield code="0">(OCoLC)fst01423814</subfield></datafield><datafield ind1=" " ind2=" " tag="752"><subfield code="a">United States</subfield><subfield code="b">New York</subfield><subfield code="c">Suffolk</subfield><subfield code="d">Bridgehampton.</subfield></datafield><datafield ind1="1" ind2=" " tag="775"><subfield code="t">Montauk pioneer</subfield><subfield code="w">(DLC)sn 88074877</subfield><subfield code="w">(OCoLC)18777301</subfield></datafield><datafield ind1="1" ind2=" " tag="775"><subfield code="t">East Hampton summer sun</subfield><subfield code="w">(DLC)sn 98067503</subfield><subfield code="w">(OCoLC)38078416</subfield></datafield><datafield ind1="1" ind2=" " tag="775"><subfield code="t">Sag Harbor pilot</subfield><subfield code="w">(DLC)sn 96083624</subfield><subfield code="w">(OCoLC)35563209</subfield></datafield><datafield ind1="1" ind2=" " tag="775"><subfield code="t">Southampton summer day</subfield><subfield code="w">(DLC)sn 98067502</subfield><subfield code="w">(OCoLC)38078527</subfield></datafield><datafield ind1="1" ind2=" " tag="775"><subfield code="t">Hampton Beach</subfield><subfield code="w">(DLC)sn 96083591</subfield><subfield code="w">(OCoLC)34617167</subfield></datafield><datafield ind1="0" ind2="1" tag="785"><subfield code="t">Dan's papers</subfield><subfield code="w">(DLC)sn 95071413</subfield><subfield code="w">(OCoLC)32828070</subfield></datafield><datafield ind1="1" ind2=" " tag="029"><subfield code="a">AU@</subfield><subfield code="b">000012746084</subfield></datafield></record>